%
%
% Capitulo 5
@Misc{RV_fobia_1,
	author = "Célia Gamito",
	title = "\textit{Exemplo de tratamento de fobias através da RV.} [Online]",
	howpublished = "Avaliabe: \url{https://pplware.sapo.pt/wp-content/uploads/2016/07/VR-treatment-2-720x450.jpg}",
	note = "Accessed: November, 2017",
}

@Misc{RV_OR,
	title = "\textit{Oculus Rift}. [Online]",
	howpublished = "{Avaliabe: \url{http://cdn.mos.cms.futurecdn.net/d30ae6fa43191d61b97dabb2b62471ed-480-80.jpg}}",
	note = "{Accessed: November, 2017}",
}

@Misc{RV_icaros,
	title = "\textit{Ícaros: combinação entre realidade virtual e fitness.} [Online],
	howpublished = {Avaliabe: \url{http://www.icaros.com/wp-content/uploads/2015/02/icaros_0776fb.jpg}}",
	note = "{Accessed: November, 2017}",
}

@Misc{RV_fato,
	title = "\textit{Exemplo de fato utilizado em RV.} [Online]",
	howpublished = "{Avaliabe: \url{http://s3cdn.observador.pt/wp-content/uploads/2017/03/02180310/fc7a8e3ff02156cb207018e122a99a2f_original.jpg}}",
	note = "{Accessed: November, 2017}",
	
}


@Misc{RV_luvas,
	title = "\textit{Exemplo de luvas utilizado em RV.} [Online]",
	howpublished = "{Avaliabe: \url{http://cdn.atl.clicrbs.com.br/wp-content/uploads/sites/27/2015/07/luva-realidade-virtual-600x255.jpg}}",
	note = "{Accessed: November, 2017}",
}

@Misc{RV_fundador,
	title = "\textit{Palmer Luckey.} [Online]",
	howpublished = "{Avaliabe: \url{https://en.wikipedia.org/wiki/Palmer_Luckey}}",
	note = "{Accessed: November, 2017}",
}

@Misc{RV_comboio,
	title = "\textit{Sistemas de Realidade Virtual para Simulação de Equipamentos de Movimentação eTreinamento de Operadores.} [Online]", 
	howpublished = "{Avaliabe: \url{http://www.usp.br/ldsv/wp-content/uploads/2016/09/EncontroFerrovia_SIM_USP_10r.pdf}}",
	note = "{Accessed: November, 2017}",
}

@Misc{RV_aviao,
	title = "\textit{Simulador de voo combina realidade virtual com exercícios físicos.} [Online]",
	howpublished = "{Avaliabe: \url{https://www.tecmundo.com.br/realidade-virtual/113886-simulador-voo-combina-realidade-virtual-exercicios-fisicos.htm}}",
	note = "{Accessed: November, 2017}",
}

@Misc{RV_sim_voo,
	title = "\textit{FAB ACIONA NOVO SIMULADOR DE VOO DO C-105 AMAZONAS.} [Online]",
	howpublished = "{Avaliabe: \url{https://airway.uol.com.br/fab-aciona-novo-simulador-de-voo-do-c-105-amazonas/}}",
	note = "{Accessed: November, 2017}",
}

@Misc{RV_militar,
	title = "\textit{REALIDADE VIRTUAL: CONCEITOS, EVOLUÇÃO, DISPOSITIVOS E APLICAÇÕES.} [Online]",
	howpublished = "{Avaliabe: \url{http://openrit.grupotiradentes.com/xmlui/bitstream/handle/set/395/REALIDADE%20VIRTUAL.pdf?sequence=1}}",
	note = "{Accessed: November, 2017}",
}

@Misc{RV_inter,
	title = "\textit{Interactividade.} [Online]",
	howpublished = "{Avaliabe: \url{http://interatividade2012.blogspot.pt/2012/01/realidade-virtual-imersiva-e-nao.html}}",
	note = "{Accessed: November, 2017}",
}



@misc{1,
author = {Nilton Kleina},
year = {2011},
url = {https://www.tecmundo.com.br/ciencia/15963-quantos-sentidos-tem-o-corpo-humano-.htm},
}
@misc{2,
author = {Fábio Silva},
year = {2012},
url = {https://fbosilkworm.wordpress.com/},
}
@misc{3,
author = {Luis Miguel Pinto Gonçalves},
year = {2015},
url = {https://augmentedspaceblog.wordpress.com/2015/01/06/1968-first-google-glass-like-by-ivan-sutherland/},
}
@misc{4,
author = {Escola Fluxo},
year = {2013},
url = {http://escolafluxo.com.br/blog/2013/07/09/fotografia-estereoscopica/},
}
@misc{5,
author = {Wikipedia},
year = {2006},
url = {https://en.wikipedia.org/wiki/Sensorama},
}
@misc{6,
author = {ScriptAnime},
year = {2025},
url = {https://scriptanime.wordpress.com/2015/10/23/virtual-reality-worlds-in-anime-part-2-1-a-brief-history-of-vr/},
}
@misc{7,
author = {José Pedro Machado},
title = {Dicionário Dom Quixote da Lingua Portuguesa},
booktitle = {Dicionário Dom Quixote da Lingua Portuguesa},
year = {1999},
OPTbookauthor = {•},
OPTeditor = {Beta, Projectos Editorais},
OPTedition = {1º},
OPTpublisher = {Publicações Dom Quixote, Lda.},

}
@misc{8,
author = {Victor Sarmento},
title = {Aplicações Informáticas B},
year = {2016},
url = {https://drive.google.com/drive/folders/0B9YmKGQp1Ik4MXlkQ29aMEZBNVk},
}
@misc{9,
author = {JONATHAN STRICKLAND},
title = {How Virtual Reality Works},
year = {2007},
url = {https://electronics.howstuffworks.com/gadgets/other-gadgets/virtual-reality.htm},
}
@misc{10,
author = {TheFreshUK},
title = {Virtual Reality Society},
year = {2017},
url = {https://www.vrs.org.uk/virtual-reality/history.html},
}

@misc{11,
author = {Ivan E. Sutherland},
title = {The Ultimate Display},
year = {1965},
}

@misc{•,
author = {Jeremy Norman & Co., Inc},
title = {"Pygmalion's Spectacles," Probably the First Comprehensive and Specific Fictional Model for Virtual Reality},
year = {2004},
url = {http://www.historyofinformation.com/expanded.php?id=4543
$},
}

@misc{•,
author = {Thomas DeMichele},
title = {The Sensorama Was the First VR Device },
year = {2016},
url = {http://factmyth.com/factoids/the-sensorama-was-the-first-vr-device/},
}
@misc{•,
author = {Wikipedia},
title = {The Sword of Damocles (virtual reality)},
year = {2005},
url = {https://en.wikipedia.org/wiki/The_Sword_of_Damocles_(virtual_reality)},
}
@misc{•,
author = {Wikipedia},
title = {Sensorama},
year = {2006},
url = {https://en.wikipedia.org/wiki/Sensorama},
}
@misc{•,
author = {Wikipedia},
title = {Morton Heilig},
year = {2007},
url = {https://en.wikipedia.org/wiki/Morton_Heilig},
}
@misc{•,
author = {Wikipedia},
title = {Head mounted display},
year = {2013},
url = {https://pt.wikipedia.org/wiki/Head-mounted_display},
}
@misc{•,
author = {Ivo Pereira, Nuno Nogueira},
title = {REALIDADE VIRTUAL},
url = {http://web.ist.utl.pt/ist170613/},
}
